%YAML 1.1
%TAG !u! tag:unity3d.com,2011:
--- !u!244 &-3710557785508046432
AudioMixerEffectController:
  m_ObjectHideFlags: 3
  m_CorrespondingSourceObject: {fileID: 0}
  m_PrefabInstance: {fileID: 0}
  m_PrefabAsset: {fileID: 0}
  m_Name: 
  m_EffectID: fa1f3c3a98aca1142b4698fbf73081e6
  m_EffectName: Attenuation
  m_MixLevel: dce2a15177fce394d95dfc3f66a4442e
  m_Parameters: []
  m_SendTarget: {fileID: 0}
  m_EnableWetMix: 0
  m_Bypass: 0
--- !u!241 &24100000
AudioMixerController:
  m_ObjectHideFlags: 0
  m_CorrespondingSourceObject: {fileID: 0}
  m_PrefabInstance: {fileID: 0}
  m_PrefabAsset: {fileID: 0}
  m_Name: Mixer
  m_OutputGroup: {fileID: 0}
  m_MasterGroup: {fileID: 24300002}
  m_Snapshots:
  - {fileID: 24500006}
  m_StartSnapshot: {fileID: 24500006}
  m_SuspendThreshold: -80
  m_EnableSuspend: 1
  m_UpdateMode: 0
  m_ExposedParameters: []
  m_AudioMixerGroupViews:
  - guids:
    - 74f3003754fe5ea498371ecf88ff6502
    - 63c5f605e919aa647b91aa6d4a869e16
    name: View
  m_CurrentViewIndex: 0
  m_TargetSnapshot: {fileID: 24500006}
--- !u!243 &24300002
AudioMixerGroupController:
  m_ObjectHideFlags: 0
  m_CorrespondingSourceObject: {fileID: 0}
  m_PrefabInstance: {fileID: 0}
  m_PrefabAsset: {fileID: 0}
  m_Name: Master
  m_AudioMixer: {fileID: 24100000}
  m_GroupID: 74f3003754fe5ea498371ecf88ff6502
  m_Children:
  - {fileID: 2570630892539895746}
  m_Volume: 43fbd36e7a3f15549bca84a734113ac8
  m_Pitch: 409cc6da6a5aa714f9af33cf574bf46a
  m_Send: 00000000000000000000000000000000
  m_Effects:
  - {fileID: 24400004}
  m_UserColorIndex: 0
  m_Mute: 0
  m_Solo: 0
  m_BypassEffects: 0
--- !u!244 &24400004
AudioMixerEffectController:
  m_ObjectHideFlags: 3
  m_CorrespondingSourceObject: {fileID: 0}
  m_PrefabInstance: {fileID: 0}
  m_PrefabAsset: {fileID: 0}
  m_Name: 
  m_EffectID: 36dd597adcd5b794f87fc5cc97b64c8f
  m_EffectName: Attenuation
  m_MixLevel: 2339d3d866a630d41a52b7189cb931e1
  m_Parameters: []
  m_SendTarget: {fileID: 0}
  m_EnableWetMix: 0
  m_Bypass: 0
--- !u!245 &24500006
AudioMixerSnapshotController:
  m_ObjectHideFlags: 0
  m_CorrespondingSourceObject: {fileID: 0}
  m_PrefabInstance: {fileID: 0}
  m_PrefabAsset: {fileID: 0}
  m_Name: Snapshot
  m_AudioMixer: {fileID: 24100000}
  m_SnapshotID: b10153599a28b014588e214d369d0fff
  m_FloatValues:
    4c3c68a81f5b1da418c3650a2cfe8b1d: 0
  m_TransitionOverrides: {}
--- !u!243 &2570630892539895746
AudioMixerGroupController:
  m_ObjectHideFlags: 0
  m_CorrespondingSourceObject: {fileID: 0}
  m_PrefabInstance: {fileID: 0}
  m_PrefabAsset: {fileID: 0}
  m_Name: Projectile
  m_AudioMixer: {fileID: 24100000}
  m_GroupID: 63c5f605e919aa647b91aa6d4a869e16
  m_Children: []
  m_Volume: 4c3c68a81f5b1da418c3650a2cfe8b1d
  m_Pitch: 56cecc49a11a94e458229758bd1bfe37
  m_Send: 00000000000000000000000000000000
  m_Effects:
  - {fileID: -3710557785508046432}
  m_UserColorIndex: 0
  m_Mute: 0
  m_Solo: 0
  m_BypassEffects: 0
